<?xml version="1.0" encoding="UTF-8"?><collection><record><leader>09095ntm a2200637 a 4500</leader><controlfield tag="001">006822260</controlfield><controlfield tag="003">MiAaHDL</controlfield><controlfield tag="005">20190719000000.0</controlfield><controlfield tag="006">m        d        </controlfield><controlfield tag="007">cr bn ---auaua</controlfield><controlfield tag="008">090623s1723    xx            00| ||ota d</controlfield><datafield tag="035" ind1=" " ind2=" "><subfield code="a">(MiU)006822260</subfield></datafield><datafield tag="035" ind1=" " ind2=" "><subfield code="a">sdr-miu006822260</subfield></datafield><datafield tag="040" ind1=" " ind2=" "><subfield code="a">MiU</subfield><subfield code="c">MiU</subfield><subfield code="e">amremm</subfield></datafield><datafield tag="041" ind1="0" ind2=" "><subfield code="a">ota</subfield><subfield code="a">per</subfield></datafield><datafield tag="043" ind1=" " ind2=" "><subfield code="a">n-us-mi</subfield></datafield><datafield tag="100" ind1="0" ind2=" "><subfield code="6">880-01</subfield><subfield code="a">Şahidî İbrahim Dede,</subfield><subfield code="d">1470-1550.</subfield></datafield><datafield tag="245" ind1="1" ind2="0"><subfield code="6">880-03</subfield><subfield code="a">[Tuhfe-yi Şâhidî ... etc.,</subfield><subfield code="f">1135, i.e. 1723].</subfield></datafield><datafield tag="246" ind1="3" ind2=" "><subfield code="i">Edge title (tail):</subfield><subfield code="a">شاهدى</subfield></datafield><datafield tag="260" ind1=" " ind2=" "><subfield code="c">[1723].</subfield></datafield><datafield tag="300" ind1=" " ind2=" "><subfield code="a">84 leaves :</subfield><subfield code="b">paper ;</subfield><subfield code="c">216 x 146 (144 x 69, 191 x 102) mm.</subfield></datafield><datafield tag="500" ind1=" " ind2=" "><subfield code="a">Shelfmark: Ann Arbor, University of Michigan, Special Collections Library, Isl. Ms. 400</subfield></datafield><datafield tag="500" ind1=" " ind2=" "><subfield code="a">Origin: As appears in colophon on pp.166-167, Tuhfe-yi Şâhidî copied by al-Ḥājj Ibrāhīm ibn al-Ḥājj Muḥammad (Hacı İbrahim bin Hacı Mehmet), keeper of the two lamps in the service of the sultan [?] ("الخليفة على السراجين المخصوصين بالخدمة السلطانية"), with transcription completed Jumādá I 1135 [February-March 1723]. Index lacks dated colophon though transcription likely executed around the same time ; paper, decoration, etc. suggest 18th century.</subfield></datafield><datafield tag="500" ind1=" " ind2=" "><subfield code="a">Accompanying materials: Inserts carrying continuation of glosses (paginated pp.73-74, 155-156).</subfield></datafield><datafield tag="500" ind1=" " ind2=" "><subfield code="a">Former shelfmark: "٣۰٣" inscribed in black ink on upper cover ; "۱۷٥" inscribed in black ink on front flyleaf ; "550 [?] T. De M. [i.e. Tammaro De Marinis]" inscribed in pencil on back flyleaf.</subfield></datafield><datafield tag="500" ind1=" " ind2=" "><subfield code="a">Binding: Pasteboards covered in dark brown to black leather ; Type II binding (with flap), likely two-piece binding (seam of overlapping flanges visible at spine) ; board linings in marbled paper (mainly in blue-green, lavender, orange, and red), leather hinges (not extension of spine lining in this instance) ; upper and lower covers carry stamped (red recessed onlays), gold-painted mandorla (filled with vegetal composition, compare Déroche class. NSd 7) and pendants, along with tooled accents (mainly rosettes) and border (guilloché roll defined by gold fillets) in gold ; design continues on flap ; sewn in yellow thread, two stations ; worked chevron endbands in yellow and light blue, damaged with cores exposed ; overall in fairly good condition with only minor staining and abrasion.</subfield></datafield><datafield tag="500" ind1=" " ind2=" "><subfield code="a">Support: European laid paper of several types ; in opening work (through p.60), mainly a type with 11 laid lines per cm. (vertical), chain lines spaced 24-26 mm. apart (horizontal) and watermark of crown with heart above grapes (raisin, see p.42, 44, 45, 48, etc.) and countermark "AS" [?] (see p.52, etc.), quite sturdy, beige in color, burnished, and a thinner and smoother type with 12 laid lines per cm. (vertical), chain lines spaced 24 mm. apart (horizontal), and watermark of grapes (raisin) with cartouche and crown above (see p.22, etc.) ; in second work (p.61 to close), mainly a type with 11-12 laid lines per cm. (vertical, more distinct), chain lines spaced 23-25 mm. apart (horizontal, more distinct), and watermark of grapes under crown (see p.86, 88, 100, 102, etc.), transluscent and crisp though quite sturdy, well-burnished to glossy, beige to buff in color, and another thinner type, lighter in color, with 11 laid lines per cm. (vertical), chain lines spaced 25-28 mm. apart (horizontal), and watermark of lion rampant [?] watermark (see p.62, 126, 130, 162, etc.).</subfield></datafield><datafield tag="500" ind1=" " ind2=" "><subfield code="a">Decoration: Illuminated headpiece (ʻunwān / sarlawḥ) at opening of index on p.2 consisting of rectangular piece with cartouche (carrying the opening heading in red "باب الالف مع الباء") flanked by vegetal motifs in gold, surmounted by scalloped dome or semi-circular piece filled with swirling floral vegetal composition, itself surmounted by vertical stalks (tīgh) in gold ; splendid illuminated headpiece (ʻunwān / sarlawḥ) at opening of Tuhfe-yi Şâhidî on p.62, consisting of rectangular piece with empty gold cartouche flanked by floral vegetal accents in pink, lavender, red and orange on a blue and pale gold ground, surmounted by scalloped w-shaped piece filled with elegant swirling floral vegetal decoration in gold, pink, white, blue, lavender, orange, red, etc. on a pale gold and blue ground, itself surmounted by elaborate vertical stalks (tīgh) in blue with red accents, entire piece set in a well of light blue, pink and gold bands ; written area surrounded by gold frame defined by black fillets, divisions within and margins defined by narrow gold bands outlined by black fillets ; keywords, sections headings, numerals, and abbreviation symbols rubricated ; textual dividers in the form of red inverted commas.</subfield></datafield><datafield tag="500" ind1=" " ind2=" "><subfield code="a">Script: Naskh and nastaʻlīq (talik) ; at least two elegant Ottoman hands ; bulk of index in a delicate naskh, partially but somewhat irregularly seriffed with slight effect of tilt to the left, curvilinear descenders, freely ligatured (with point of final nūn usually conjoined with bowl), fully vocalized ; final portion of index (see p.58) in an elegant nastaʻlīq (talik) ; Tuhfe-yi Şâhidî in another elegant naskh in a bolder line, mainly serifless (though serif rarely appears) with effect of tilt to the left, curvilinear descenders, pointing in distinct or conjoined dots, fully vocalized ; glosses accompanying Tuhfe-yi Şâhidî in a quite compact naskh-nastaʻlīq (talik).</subfield></datafield><datafield tag="500" ind1=" " ind2=" "><subfield code="a">Layout: Written mainly in 13 lines per page, with written area divided to two columns ; for every other leaf, entire written area (at roughly the ruled marginal dimensions) is devoted to gloss ; frame-ruled.</subfield></datafield><datafield tag="500" ind1=" " ind2=" "><subfield code="a">Collation: i, III+4 (10), IV (18), V (28), I+1 (31), 5 V(81), I+1 (84), i ; chiefly quinions ; occasional lacuna on leaves ruled for glosses ; pagination in red ink, Hindu-Arabic numerals ; pagination in pencil, Western numerals, supplied during digitization (includes inserts and skips opening leaf).</subfield></datafield><datafield tag="500" ind1=" " ind2=" "><subfield code="a">Colophon: "Scribal," reads "ولما من الله على محرر هذه السطور بتنميق الحروف على قواعد الرسم المخبور حمده على انعامه وفضله وكرمه اذ اهله لنعم عليه منها ملابس وكل نعمة منها عنده هي انفس النفايس وكان محررها الفقير الاواه الحاج ابراهيم بن الحاج محمد الخليفة على السراجين المخصوصين بالخدمة السلطانية الراجى كل منهما عفو مولاه فى تاريخ سنة خمس وثلاثين ومائة والف من شهر جمادى الاولى من السنة المزبورة غفر الله له ولوالديه ولمن دعا لهم بالمغفرة ولجميع المسلمين م م م"</subfield></datafield><datafield tag="500" ind1=" " ind2=" "><subfield code="a">Explicit: [Tuhfe-yi Şâhidî] "فاعلاتن فاعلاتن فاعلات بو كتابى اوكرن ايج آب حيات شاهدى يه هركيم ايلرسه دعا ايده محشرده شفاعت مصطفا"</subfield></datafield><datafield tag="500" ind1=" " ind2=" "><subfield code="a">Incipit: [Tuhfe-yi Şâhidî] "بنام خالق وحى وتوانا قديم وقادر وبينا ودانا"</subfield></datafield><datafield tag="500" ind1=" " ind2=" "><subfield code="a">Title supplied by cataloguer.</subfield></datafield><datafield tag="500" ind1=" " ind2=" "><subfield code="a">Ms. composite codex.</subfield></datafield><datafield tag="505" ind1="0" ind2=" "><subfield code="a">3. p.62-p.167 : [Tuhfe-yi Şâhidî] / Şahidî İbrahim Dede.</subfield></datafield><datafield tag="505" ind1="0" ind2=" "><subfield code="a">2. p.60-p.61 : [blank].</subfield></datafield><datafield tag="505" ind1="0" ind2=" "><subfield code="a">1. p.2-p.59 : [index for the vocabulary of Tuhfe-yi Şâhidî].</subfield></datafield><datafield tag="510" ind1="4" ind2=" "><subfield code="a">Brit. Mus. Cat. Turkish MSS.,</subfield><subfield code="c">pp.139-141</subfield></datafield><datafield tag="520" ind1="8" ind2=" "><subfield code="a">Elegant copy of the well-known versified Persian-Turkish vocabulary of Şâhidî İbrahim Dede of Muğla (d.1550) with extensive glosses (occupying every other leaf), preceded by an index of the vocabulary arranged by letter.</subfield></datafield><datafield tag="538" ind1=" " ind2=" "><subfield code="a">Mode of access: Internet.</subfield></datafield><datafield tag="541" ind1=" " ind2=" "><subfield code="c">Purchase ;</subfield><subfield code="a">Acquired by purchase (funds donated by Horace Rackham).</subfield><subfield code="d">1924.</subfield></datafield><datafield tag="546" ind1=" " ind2=" "><subfield code="a">Ottoman Turkish and Persian.</subfield></datafield><datafield tag="561" ind1=" " ind2=" "><subfield code="a">Assorted notes and excerpts on back flyleaves, including an invocation (duʻāʼ with āyah) to be used by the man who desires that his wife bear a son, with instructions that he place his right hand on his wife's belly and recite the invocation three times, if she cries out he'll have a son.</subfield></datafield><datafield tag="650" ind1=" " ind2="0"><subfield code="a">Manuscripts, Persian</subfield><subfield code="z">Michigan</subfield><subfield code="z">Ann Arbor.</subfield></datafield><datafield tag="650" ind1=" " ind2="0"><subfield code="a">Manuscripts, Turkish</subfield><subfield code="z">Michigan</subfield><subfield code="z">Ann Arbor.</subfield></datafield><datafield tag="650" ind1=" " ind2="0"><subfield code="a">Turkish poetry</subfield><subfield code="y">16th century.</subfield></datafield><datafield tag="650" ind1=" " ind2="0"><subfield code="a">Persian language</subfield><subfield code="v">Dictionaries</subfield><subfield code="x">Turkish</subfield><subfield code="v">Early works to 1800.</subfield></datafield><datafield tag="655" ind1=" " ind2="7"><subfield code="a">Headpieces (layout features)</subfield><subfield code="y">18th century.</subfield><subfield code="2">aat</subfield></datafield><datafield tag="700" ind1="0" ind2=" "><subfield code="a">Abdülhamid</subfield><subfield code="b">II,</subfield><subfield code="c">Sultan of the Turks,</subfield><subfield code="d">1842-1918,</subfield><subfield code="e">former owner.</subfield></datafield><datafield tag="700" ind1="0" ind2=" "><subfield code="6">880-07</subfield><subfield code="a">Hacı İbrahim bin Hacı Mehmet,</subfield><subfield code="d">fl. 1723,</subfield><subfield code="e">scribe.</subfield></datafield><datafield tag="773" ind1="0" ind2=" "><subfield code="a">Abdul Hamid Collection.</subfield></datafield><datafield tag="880" ind1="0" ind2=" "><subfield code="6">700-07/</subfield><subfield code="a">حاجى ابراهيم بن حاجى محمد,</subfield><subfield code="e">ناسخ.</subfield></datafield><datafield tag="880" ind1="1" ind2="0"><subfield code="6">245-03/</subfield><subfield code="a">[تحفۀ شاهدى ... الخ,</subfield><subfield code="f">1135ه, 1723م].</subfield></datafield><datafield tag="880" ind1="0" ind2=" "><subfield code="6">100-01/</subfield><subfield code="a">شاهدي ابراهيم دده.</subfield></datafield><datafield tag="CID" ind1=" " ind2=" "><subfield code="a">006822260</subfield></datafield><datafield tag="DAT" ind1="0" ind2=" "><subfield code="a">20190719102640.0</subfield><subfield code="b">20190719000000.0</subfield></datafield><datafield tag="DAT" ind1="1" ind2=" "><subfield code="a">20190719090653.0</subfield><subfield code="b">2019-07-19T16:12:06Z</subfield></datafield><datafield tag="DAT" ind1="2" ind2=" "><subfield code="a">2015-10-02T18:00:03Z</subfield></datafield><datafield tag="CAT" ind1=" " ind2=" "><subfield code="a">SDR-MIU</subfield><subfield code="d">EX LIBRIS - ALEPH</subfield><subfield code="l">prepare.pl-004-008</subfield></datafield><datafield tag="FMT" ind1=" " ind2=" "><subfield code="a">BK</subfield></datafield><datafield tag="HOL" ind1=" " ind2=" "><subfield code="0">sdr-miu006822260</subfield><subfield code="a">MiU</subfield><subfield code="b">SDR</subfield><subfield code="c">MIU</subfield><subfield code="p">mdp.39015079130673</subfield><subfield code="s">MIU</subfield><subfield code="1">006822260</subfield></datafield><datafield tag="974" ind1=" " ind2=" "><subfield code="b">MIU</subfield><subfield code="c">MIU</subfield><subfield code="d">20190719</subfield><subfield code="s">lit-dlps-dc</subfield><subfield code="u">mdp.39015079130673</subfield><subfield code="y">1723</subfield><subfield code="r">pd</subfield><subfield code="q">bib</subfield><subfield code="t">non-US bib date1 &lt; 1896</subfield></datafield></record></collection>